<?xml version="1.0" encoding="UTF-8"?><record xmlns="http://www.loc.gov/MARC21/slim" xmlns:cinclude="http://apache.org/cocoon/include/1.0" xmlns:zs="http://www.loc.gov/zing/srw/">
  <leader>00299nz  a2200121n  4500</leader>
  <controlfield tag="001">nr 89009924 </controlfield>
  <controlfield tag="003">DLC</controlfield>
  <controlfield tag="005">19890809061928.1</controlfield>
  <controlfield tag="008">890803n| acannaab|          |n aaa     c</controlfield>
  <datafield tag="010" ind1=" " ind2=" ">
    <subfield code="a">nr 89009924 </subfield>
  </datafield>
  <datafield tag="040" ind1=" " ind2=" ">
    <subfield code="a">CtY</subfield>
    <subfield code="c">CtY</subfield>
  </datafield>
  <datafield tag="100" ind1="1" ind2="0">
    <subfield code="a">Saks, O.</subfield>
  </datafield>
  <datafield tag="670" ind1=" " ind2=" ">
    <subfield code="a">Protď¸ sď¸Ąessy i pribory, 1977:</subfield>
    <subfield code="b">t.p. verso (O. Saks)</subfield>
  </datafield>
</record>